<record><leader>00000cas a22000007a 4500</leader><controlfield tag="001">14994707</controlfield><controlfield tag="008">861219d196u1968inuwr ne      0    0eng d</controlfield><datafield ind1=" " ind2=" " tag="010"><subfield code="a">sn 86059144 </subfield></datafield><datafield ind1=" " ind2=" " tag="040"><subfield code="a">NPI</subfield><subfield code="b">eng</subfield><subfield code="c">NPI</subfield><subfield code="d">OCLCQ</subfield></datafield><datafield ind1=" " ind2=" " tag="042"><subfield code="a">msc</subfield></datafield><datafield ind1="0" ind2="4" tag="245"><subfield code="a">The Kankakee Valley profile herald.</subfield></datafield><datafield ind1="3" ind2="0" tag="246"><subfield code="a">Profile</subfield></datafield><datafield ind1=" " ind2=" " tag="260"><subfield code="a">Wheatfield, Ind. :</subfield><subfield code="b">Jerry L. Clark,</subfield><subfield code="c">-1968.</subfield></datafield><datafield ind1=" " ind2=" " tag="310"><subfield code="a">Weekly</subfield></datafield><datafield ind1="0" ind2=" " tag="362"><subfield code="a">-v.46, no. 33 (Aug. 22, 1968).</subfield></datafield><datafield ind1=" " ind2=" " tag="500"><subfield code="a">Nov. 23, 1966 issue published as: Profile.</subfield></datafield><datafield ind1=" " ind2=" " tag="588"><subfield code="a">Description based on: Vol. 44, no. 45 (Nov. 10, 1966).</subfield></datafield><datafield ind1=" " ind2=" " tag="752"><subfield code="a">United States</subfield><subfield code="b">Indiana</subfield><subfield code="c">Jasper</subfield><subfield code="d">Wheatfield.</subfield></datafield><datafield ind1="0" ind2="0" tag="785"><subfield code="t">Profile herald</subfield><subfield code="w">(DLC)sn 86059145</subfield></datafield></record>